<mx:record xmlns="http://www.w3.org/TR/xhtml1/strict" xmlns:mx="http://www.loc.gov/MARC21/slim" xmlns:xsi="http://www.w3.org/2001/XMLSchema-instance"><mx:leader>00000nz   2200000n  4500</mx:leader><mx:controlfield tag="001">oca05702144 </mx:controlfield><mx:controlfield tag="005">20020301064015.0</mx:controlfield><mx:controlfield tag="008">020219n| acannaabn          |a aaa      </mx:controlfield><mx:datafield ind1=" " ind2=" " tag="010"><mx:subfield code="a">nb 90569259 </mx:subfield></mx:datafield><mx:datafield ind1=" " ind2=" " tag="040"><mx:subfield code="a">Uk</mx:subfield><mx:subfield code="b">eng</mx:subfield><mx:subfield code="c">Uk</mx:subfield></mx:datafield><mx:datafield ind1="0" ind2=" " tag="100"><mx:subfield code="a">Pseudo-Sallust</mx:subfield></mx:datafield><mx:datafield ind1="0" ind2=" " tag="400"><mx:subfield code="a">Pseudo Salustio</mx:subfield></mx:datafield><mx:datafield ind1=" " ind2=" " tag="670"><mx:subfield code="a">Fragments of the histories, 1978:</mx:subfield><mx:subfield code="b">t.p. (Pseudo-Sallust)</mx:subfield></mx:datafield><mx:datafield ind1=" " ind2=" " tag="670"><mx:subfield code="a">Conjuración de Catilina, 1997:</mx:subfield><mx:subfield code="b">t.p. (Pseudo Salustio)</mx:subfield></mx:datafield><mx:datafield ind1=" " ind2=" " tag="999"><mx:subfield code="a">8.2462</mx:subfield></mx:datafield></mx:record>